<record><leader>00000cas a2200000   4500</leader><controlfield tag="001">6034434</controlfield><controlfield tag="008">800229c19809999gauwr ne      0   a0eng d</controlfield><datafield ind1=" " ind2=" " tag="010"><subfield code="a">sn 80011150 </subfield></datafield><datafield ind1=" " ind2=" " tag="040"><subfield code="a">NSD</subfield><subfield code="b">eng</subfield><subfield code="c">NSD</subfield><subfield code="d">NLG</subfield><subfield code="d">OCL</subfield><subfield code="d">GUA</subfield><subfield code="d">OCLCQ</subfield><subfield code="d">OCLCF</subfield><subfield code="d">OCLCO</subfield></datafield><datafield ind1=" " ind2=" " tag="012"><subfield code="k">1</subfield><subfield code="m">d</subfield></datafield><datafield ind1="1" ind2=" " tag="022"><subfield code="a">0199-6010</subfield><subfield code="l">0199-6010</subfield><subfield code="2">1</subfield></datafield><datafield ind1="1" ind2=" " tag="029"><subfield code="a">AU@</subfield><subfield code="b">000026395405</subfield></datafield><datafield ind1=" " ind2=" " tag="042"><subfield code="a">nsdp</subfield></datafield><datafield ind1=" " ind2=" " tag="043"><subfield code="a">n-us-ga</subfield></datafield><datafield ind1=" " ind2="4" tag="222"><subfield code="a">The Decatur, DeKalb neighbor</subfield></datafield><datafield ind1="0" ind2="4" tag="245"><subfield code="a">The Decatur, DeKalb neighbor.</subfield></datafield><datafield ind1=" " ind2=" " tag="260"><subfield code="a">Decatur, Ga. :</subfield><subfield code="b">Neighbor Newspapers, inc.,</subfield><subfield code="c">[1980]-</subfield></datafield><datafield ind1="0" ind2=" " tag="362"><subfield code="a">Vol. 1, no. 1 (Feb. 20, 1980)-</subfield></datafield><datafield ind1=" " ind2=" " tag="530"><subfield code="a">Also on microfilm: Athens, Ga. : University of Georgia Libraries.</subfield></datafield><datafield ind1=" " ind2="0" tag="651"><subfield code="a">Decatur (Ga.)</subfield><subfield code="v">Newspapers.</subfield></datafield><datafield ind1=" " ind2="0" tag="651"><subfield code="a">DeKalb County (Ga.)</subfield><subfield code="v">Newspapers.</subfield></datafield><datafield ind1=" " ind2="7" tag="655"><subfield code="a">Newspapers.</subfield><subfield code="2">fast</subfield><subfield code="0">(OCoLC)fst01423814</subfield></datafield><datafield ind1=" " ind2="7" tag="651"><subfield code="a">Georgia</subfield><subfield code="z">Decatur.</subfield><subfield code="2">fast</subfield><subfield code="0">(OCoLC)fst01226234</subfield></datafield><datafield ind1=" " ind2="7" tag="651"><subfield code="a">Georgia</subfield><subfield code="z">DeKalb County.</subfield><subfield code="2">fast</subfield><subfield code="0">(OCoLC)fst01215288</subfield></datafield><datafield ind1=" " ind2=" " tag="752"><subfield code="a">United States</subfield><subfield code="b">Georgia</subfield><subfield code="c">DeKalb</subfield><subfield code="d">Decatur.</subfield></datafield><datafield ind1=" " ind2=" " tag="936"><subfield code="a">Feb. 20, 1980</subfield></datafield></record>